
@PHDTHESIS{Lagdameo2019-sa,
  title     = "Heidegger, Foucault, And An Affordance Theory Of
               Technology",
  author    = "Lagdameo, Federico Jos{\'e} T",
  year      =  2019,
  school    = "Ateneo De Manila University"
}

@PHDTHESIS{Ballsun-Stanton2012-nx,
  title  = "Asking About Data: Exploring Different Realities of Data Via the
            Social Data Flow Network Methodology",
  author = "Ballsun-Stanton, Brian",
  editor = "Corones, Anthony",
  year   =  2012,
  school = "University of New South Wales"
}

@MISC{European_Commission2016-ai,
  title        = "Open Access",
  booktitle    = "Horizon 2020 Online Manual",
  author       = "{European Commission}",
  month        =  jul,
  year         =  2016,

  howpublished = "\url{https://ec.europa.eu/research/participants/docs/h2020-funding-guide/cross-cutting-issues/open-access-data-management/open-access_en.htm}",
  note         = "Accessed: 2020-8-8"
}


@ARTICLE{Krugman2013-ju,
  title     = "The excel depression",
  author    = "Krugman, Paul",
  journal   = "The New York times",
  volume    =  18,
  year      =  2013,
  
  issn      = "0362-4331"
}

@INCOLLECTION{Ross2020-yg,
  title       = "Introducing Preregistration of Research Design to Archaeology",
  booktitle   = "Digital Heritage and Archaeology in Practice",
  author      = "Ross, Shawn A and Ballsun-Stanton, Brian",
  editor      = "Watrall, Ethan and Goldstein, Lynne",
  publisher   = "University Press of Florida",
  year        =  2020,
  address     = "Gainesville, FL",
  original_id = "f4320409-d13a-00f1-928d-2c4ddc88ecbd"
}

@ARTICLE{Bruford2020-tw,
  title    = "Guidelines for human gene nomenclature",
  author   = "Bruford, Elspeth A and Braschi, Bryony and Denny, Paul and Jones,
              Tamsin E M and Seal, Ruth L and Tweedie, Susan",
  journal  = "Nature genetics",
  volume   =  52,
  number   =  8,
  pages    = "754--758",
  month    =  aug,
  year     =  2020,
  language = "en",
  issn     = "1061-4036, 1546-1718",
  pmid     = "32747822",
  doi      = "10.1038/s41588-020-0669-3"
}


@ARTICLE{Vinge1993-vq,
  title    = "Technological Singularity",
  author   = "Vinge, Vernor",
  journal  = "Whole Earth Review",
  year     =  1993,
  url      = "https://frc.ri.cmu.edu/~hpm/book98/com.ch1/vinge.singularity.html"
}


@ARTICLE{Beer2002-tl,
  title     = "What is cybernetics?",
  author    = "Beer, Stafford",
  journal   = "Kybernetes. The International Journal of Cybernetics, Systems
               and Management Sciences",
  publisher = "MCB UP Ltd",
  volume    =  31,
  number    =  2,
  pages     = "209--219",
  month     =  jan,
  year      =  2002,
 
  issn      = "0368-492X",
  doi       = "10.1108/03684920210417283"
}


@MISC{Google_Arts_and_Culture2020-ga,
  title        = "About Google Cultural Institute",
  booktitle    = "Google Arts and Culture",
  author       = "{Google Arts and Culture}",
  year         =  2020,
  url          = "https://about.artsandculture.google.com/",

  note         = "Accessed: 2020-8-8"
}

@MISC{Hochstrasser2020-mr,
  title        = "Non-reproducible because of missing data",
  booktitle    = "Horizons - The Swiss Research Magazine",
  author       = "Hochstrasser, Judith",
  month        =  jun,
  year         =  2020,
  url          = "https://www.horizons-mag.ch/2020/06/04/non-reproducible-because-of-missing-data/",

  note         = "Accessed: 2020-6-18"
}

@MISC{Collaboration_undated-aj,
  title   = "The Reproducibility Project: A Model of {Large-Scale}
             Collaboration for Empirical Research on Reproducibility",
  author  = "Collaboration, Open Science and {Open Science Collaboration}",
  journal = "SSRN Electronic Journal",

  doi     = "10.2139/ssrn.2195999"
}

@BOOK{National_Academies_of_Sciences_Engineering_and_Medicine2019-da,
  title     = "Reproducibility and Replicability in Science",
  author    = "{National Academies of Sciences, Engineering, and Medicine} and
               {Policy and Global Affairs} and {Committee on Science,
               Engineering, Medicine, and Public Policy} and {Board on Research
               Data and Information} and {Division on Engineering and Physical
               Sciences} and {Committee on Applied and Theoretical Statistics}
               and {Board on Mathematical Sciences and Analytics} and {Division
               on Earth and Life Studies} and {Nuclear and Radiation Studies
               Board} and {Division of Behavioral and Social Sciences and
               Education} and {Committee on National Statistics} and {Board on
               Behavioral, Cognitive, and Sensory Sciences} and {Committee on
               Reproducibility and Replicability in Science}",
  publisher = "National Academies Press",
  month     =  oct,
  year      =  2019,
  url       = "https://www.nap.edu/read/25303/",
  language  = "en",
  isbn      = "9780309486163"
}

@MISC{Reed2014-aa,
  title   = "Again, again, and again -- our first (of many) replication issues",
  author  = "Reed, Richard",
  journal = "American Journal of Business",
  volume  =  29,
  number  =  1,
  year    =  2014,
  doi     = "10.1108/ajb-01-2014-0008"
}

@ARTICLE{Franco2014-oy,
  title    = "Social science. Publication bias in the social sciences:
              unlocking the file drawer",
  author   = "Franco, Annie and Malhotra, Neil and Simonovits, Gabor",
  journal  = "Science",
  volume   =  345,
  number   =  6203,
  pages    = "1502--1505",
  month    =  sep,
  year     =  2014,
 
  language = "en",
  issn     = "0036-8075, 1095-9203",
  pmid     = "25170047",
  doi      = "10.1126/science.1255484"
}

@MISC{Hossenfelder_undated-vz,
  title        = "The Reproducibility Crisis: An Interview with Prof. Dorothy
                  Bishop",
  author       = "Hossenfelder, Sabine",
  url          = "http://backreaction.blogspot.com/2020/02/the-reproducibility-crisis-interview.html",
  
  note         = "Accessed: 2020-2-16"
}


@ARTICLE{Goodhart1975-cq,
  title   = "Problems of monetary management: the {UK} experience in papers in
             monetary economics",
  author  = "Goodhart, C",
  journal = "Monetary Economics",
  volume  =  1,
  year    =  1975
}

@ARTICLE{Strathern1997-du,
  title     = "`Improving ratings': audit in the British University system",
  author    = "Strathern, Marilyn",
  journal   = "European review",
  publisher = "Cambridge University Press",
  volume    =  5,
  number    =  3,
  pages     = "305--321",
  month     =  jul,
  year      =  1997,
  issn      = "1062-7987, 1474-0575",
  doi       = "10.1002/(SICI)1234-981X(199707)5:3<305::AID-EURO184>3.0.CO;2-4"
}

@ARTICLE{Liao2009-ea,
  title   = "Information technology adoption behavior life cycle: Toward a
             Technology Continuance Theory ({TCT})",
  author  = "Liao, Chechen and Palvia, Prashant and Chen, Jain-Liang",
  journal = "International journal of information management",
  volume  =  29,
  number  =  4,
  pages   = "309--320",
  month   =  aug,
  year    =  2009,
  issn    = "0268-4012",
  doi     = "10.1016/j.ijinfomgt.2009.03.004"
}

@ARTICLE{Bavas2019-xc,
  title    = "Queensland Health launches investigation after medical files
              found on busy Brisbane road",
  author   = "Bavas, Josh",
  journal  = "ABC News",
  month    =  jun,
  year     =  2019,
  url      = "https://www.abc.net.au/news/2019-06-26/medical-files-dropped-on-busy-brisbane-road/11249460"
}

@MISC{Davis2020-jr,
  title        = "{UW} Medicine Hit with Lawsuit for Breach Impacting {974K}
                  Patients",
  booktitle    = "{HealthITSecurity}",
  author       = "Davis, Jessica",
  month        =  feb,
  year         =  2020,
  url          = "https://healthitsecurity.com/news/uw-medicine-hit-with-lawsuit-for-breach-impacting-974k-patients",
  note         = "Accessed: 2020-8-9"
}


@MISC{Spring2018-kr,
  title        = "An untapped resource to reproduce studies",
  booktitle    = "Bentham's Gaze",
  author       = "Spring, Jonathan and Maller, Mary and Mariconti, Enrico and
                  Onaolapo, Jeremiah",
  month        =  jul,
  year         =  2018,
  url          = "https://www.benthamsgaze.org/2018/07/31/an-untapped-resource-to-reproduce-studies/",
  note         = "Accessed: 2018-11-27"
}
